<record><leader>00000cas a2200000Ma 4500</leader><controlfield tag="001">10942425</controlfield><controlfield tag="008">840712d186818uualuwr ne      0    0eng d</controlfield><controlfield tag="009">330</controlfield><datafield ind1=" " ind2=" " tag="010"><subfield code="a">sn 84023503 </subfield></datafield><datafield ind1=" " ind2=" " tag="040"><subfield code="a">AQM</subfield><subfield code="c">AQM</subfield></datafield><datafield ind1="1" ind2=" " tag="029"><subfield code="a">AU@</subfield><subfield code="b">000025824765</subfield></datafield><datafield ind1="0" ind2="4" tag="245"><subfield code="a">The Hayneville examiner.</subfield></datafield><datafield ind1=" " ind2=" " tag="260"><subfield code="a">Hayneville, Ala. :</subfield><subfield code="b">Brewer &amp; Michael,</subfield><subfield code="c">1868-</subfield></datafield><datafield ind1=" " ind2=" " tag="300"><subfield code="a">v. :</subfield><subfield code="b">ill. ;</subfield><subfield code="c">55 cm.</subfield></datafield><datafield ind1=" " ind2=" " tag="310"><subfield code="a">Weekly</subfield></datafield><datafield ind1=" " ind2=" " tag="500"><subfield code="a">Editor: W. Brewer, &lt;1868&gt;.</subfield></datafield><datafield ind1=" " ind2="7" tag="655"><subfield code="a">Newspapers.</subfield><subfield code="2">rbgenr</subfield></datafield><datafield ind1="1" ind2=" " tag="700"><subfield code="a">Brewer, Willis,</subfield><subfield code="d">1844-1912.</subfield></datafield><datafield ind1=" " ind2=" " tag="752"><subfield code="a">United States</subfield><subfield code="b">Alabama</subfield><subfield code="c">Lowndes</subfield><subfield code="d">Hayneville.</subfield></datafield><datafield ind1="0" ind2="0" tag="785"><subfield code="t">Citizen-examiner</subfield><subfield code="w">(DLC)sn 86050259</subfield></datafield></record>